<?xml version="1.0" encoding="UTF-8"?><collection xmlns="http://www.loc.gov/MARC21/slim"><record><leader>00376nam--2200133-i-4500</leader><controlfield tag="001">000018933</controlfield><controlfield tag="002">20161230</controlfield><controlfield tag="005">20161230201032</controlfield><controlfield tag="008">060222s1000------------r-----000-0-eng-d</controlfield><datafield ind1=" " ind2=" " tag="080"><subfield code="a">543.422</subfield></datafield><datafield ind1=" " ind2=" " tag="100"><subfield code="a">Edisbury, J.R</subfield></datafield><datafield ind1=" " ind2=" " tag="245"><subfield code="a">Practical hints on absorbtion spectrometry ( ultra-violet and visible )</subfield></datafield><datafield ind1=" " ind2=" " tag="260"><subfield code="a">London, Hilger &amp; Watts Ltd., 1966. Xii + 266 P</subfield></datafield><datafield ind1=" " ind2=" " tag="852"><subfield code="a">25750</subfield></datafield></record></collection>